<?xml version="1.0" encoding="UTF-8"?><collection xmlns="http://www.loc.gov/MARC21/slim"><record><leader>00415nam--2200109-i-4500</leader><controlfield tag="001">000004396</controlfield><controlfield tag="002">20161230</controlfield><controlfield tag="005">20161230201025</controlfield><controlfield tag="008">060222s1000------------r-----000-0-eng-d</controlfield><datafield ind1=" " ind2=" " tag="245"><subfield code="a">Code for protection against lightning. sponsor s: american institute of electrical engineers, national fire protection association, national bureau of standards</subfield></datafield><datafield ind1=" " ind2=" " tag="260"><subfield code="a">Washington, U.S.Dept.Of Coomerce, 1952</subfield></datafield><datafield ind1=" " ind2=" " tag="490"><subfield code="a">N.B.S.Handbook 46</subfield></datafield></record></collection>